%% This BibTeX bibliography file was created using BibDesk.
%% http://bibdesk.sourceforge.net/
%% Created for Ross Beyer at 2009-03-18 17:10:33 -0700 
%% Saved with string encoding Unicode (UTF-8) 

@article{2001JGR...10623429M,
	Adsnote = {Provided by the NASA Astrophysics Data System},
	Adsurl = {http://adsabs.harvard.edu/cgi-bin/nph-bib_query?bibcode=2001JGR...10623429M&db_key=AST},
	Author = {{Malin}, M.~C. and {Edgett}, K.~S.},
	Date-Added = {2009-03-18 17:07:55 -0700},
	Date-Modified = {2009-03-18 17:07:55 -0700},
	Journal = {Journal of Geophysical Research},
	Keywords = {spacecraft; MOC;},
	Month = oct,
	Number = {E10},
	Pages = {23429-23570},
	Title = {{{Mars Global Surveyor} {Mars Orbiter Camera}: Interplanetary cruise through primary mission}},
	Volume = 106,
	Year = 2001,
	Bdsk-Url-1 = {http://adsabs.harvard.edu/cgi-bin/nph-bib_query?bibcode=2001JGR...10623429M&db_key=AST}}

@article{1992JGR....97.7699M,
	Adsnote = {Provided by the NASA Astrophysics Data System},
	Adsurl = {http://adsabs.harvard.edu/cgi-bin/nph-bib_query?bibcode=1992JGR....97.7699M&amp;db_key=AST},
	Author = {{Malin}, M.~C. and {Danielson}, G.~E. and {Ingersoll}, A.~P. and {Masursky}, H. and {Veverka}, J. and {Ravine}, M.~A. and {Soulanille}, T.~A.},
	Date-Added = {2009-03-18 17:07:19 -0700},
	Date-Modified = {2009-03-18 17:07:19 -0700},
	Hardcopy = {Yes},
	Journal = {Journal of Geophysical Research},
	Keywords = {spacecraft; MOC;},
	Month = may,
	Number = {E5},
	Pages = {7699-7718},
	Title = {{Mars Observer Camera}},
	Volume = 97,
	Year = 1992,
	Bdsk-Url-1 = {http://adsabs.harvard.edu/cgi-bin/nph-bib_query?bibcode=1992JGR....97.7699M&amp;db_key=AST}}

@article{2007SSRv..129..391C,
	Adsnote = {Provided by the SAO/NASA Astrophysics Data System},
	Adsurl = {http://adsabs.harvard.edu/abs/2007SSRv..129..391C},
	Author = {{Chin}, G. and {Brylow}, S. and {Foote}, M. and {Garvin}, J. and   {Kasper}, J. and {Keller}, J. and {Litvak}, M. and {Mitrofanov}, I. and   {Paige}, D. and {Raney}, K. and {Robinson}, M. and {Sanin}, A. and   {Smith}, D. and {Spence}, H. and {Spudis}, P. and {Stern}, S.~A. and   {Zuber}, M.},
	Date-Added = {2009-03-13 21:46:40 -0700},
	Date-Modified = {2009-03-13 21:46:40 -0700},
	Journal = {Space Science Reviews},
	Keywords = {Moon, Lunar, Vision for Space Exploration, NASA, Spacecraft, Space instrumentation, Remote observation},
	Month = apr,
	Pages = {391-419},
	Title = {{Lunar Reconnaissance Orbiter Overview: The Instrument Suite and Mission}},
	Volume = 129,
	Year = 2007,
	Bdsk-Url-1 = {http://dx.doi.org/10.1007/s11214-007-9153-y},
	Bdsk-Url-2 = {http://adsabs.harvard.edu/abs/2007SSRv..129..391C}}

@article{2008AGUFM.P31B1419N,
	Adsnote = {Provided by the SAO/NASA Astrophysics Data System},
	Adsurl = {http://adsabs.harvard.edu/abs/2008AGUFM.P31B1419N},
	Author = {{Neumann}, G.~A. and {Lemoine}, F.~G. and {Mazarico}, E. and   {McGarry}, J.~F. and {Rowlands}, D.~D. and {Smith}, D.~E. and   {Sun}, X. and {Torrence}, M. and {Zagwodski}, T. and {Zellar}, R. and   {Zuber}, M.~T.},
	Date-Added = {2009-03-13 21:46:07 -0700},
	Date-Modified = {2009-03-13 21:46:07 -0700},
	Journal = {AGU Fall Meeting Abstracts},
	Keywords = {1221 Lunar and planetary geodesy and gravity (5417, 5450, 5714, 5744, 6019, 6250)},
	Month = dec,
	Pages = {B1419+},
	Title = {{Status of Lunar Reconnaissance Orbiter Laser Ranging and Laser Altimeter Experiments}},
	Year = 2008,
	Bdsk-Url-1 = {http://adsabs.harvard.edu/abs/2008AGUFM.P31B1419N}}

@article{1992JGR....97.7781Z,
	Adsnote = {Provided by the NASA Astrophysics Data System},
	Adsurl = {http://adsabs.harvard.edu/cgi-bin/nph-bib_query?bibcode=1992JGR....97.7781Z&amp;db_key=AST},
	Author = {{Zuber}, M.~T. and {Smith}, D.~E. and {Solomon}, S.~C. and {Muhleman}, D.~O. and {Head}, J.~W. and {Garvin}, J.~B. and {Abshire}, J.~B. and {Bufton}, J.~L.},
	Date-Added = {2009-03-13 21:38:33 -0700},
	Date-Modified = {2009-03-13 21:38:33 -0700},
	Journal = {Journal of Geophysical Research},
	Keywords = {spacecraft; MOLA;},
	Month = may,
	Number = {E5},
	Pages = {7781-7797},
	Title = {{The {Mars Observer} laser altimeter investigation}},
	Volume = 97,
	Year = 1992,
	Bdsk-Url-1 = {http://adsabs.harvard.edu/cgi-bin/nph-bib_query?bibcode=1992JGR....97.7781Z&amp;db_key=AST}}

@article{2001JGR...10623689S,
	Adsnote = {Provided by the NASA Astrophysics Data System},
	Adsurl = {http://adsabs.harvard.edu/cgi-bin/nph-bib_query?bibcode=2001JGR...10623689S&db_key=AST},
	Author = {{Smith}, D.~E. and {Zuber}, M.~T. and {Frey}, H.~V. and {Garvin}, J.~B. and {Head}, J.~W. and {Muhleman}, D.~O. and {Pettengill}, G.~H. and {Phillips}, R.~J. and {Solomon}, S.~C. and {Zwally}, H.~J. and {Banerdt}, W.~B. and {Duxbury}, T.~C. and {Golombek}, M.~P. and {Lemoine}, F.~G. and {Neumann}, G.~A. and {et al.}},
	Date-Added = {2009-03-13 21:37:55 -0700},
	Date-Modified = {2009-03-13 21:37:55 -0700},
	Journal = {Journal of Geophysical Research},
	Keywords = {spacecraft; MOLA;},
	Month = oct,
	Number = {E10},
	Pages = {23689-23722},
	Title = {{{Mars Orbiter Laser Altimeter}: Experiment summary after the first year of global mapping of Mars}},
	Volume = 106,
	Year = 2001,
	Bdsk-Url-1 = {http://adsabs.harvard.edu/cgi-bin/nph-bib_query?bibcode=2001JGR...10623689S&db_key=AST}}

@inproceedings{surf08,
	Author = {Herbert Bay and Andreas Ess and Tinne Tuytelaars and Luc Van Gool},
	Booktitle = {Computer Vision and Image Understanding (CVIU)},
	Date-Added = {2009-03-13 17:08:04 -0700},
	Date-Modified = {2009-03-13 17:10:41 -0700},
	Number = {3},
	Pages = {346-359},
	Title = {{SURF}: Speeded Up Robust Features},
	Url = {http://www.vision.ee.ethz.ch/~surf/},
	Volume = {110},
	Year = {2008},
	Bdsk-Url-1 = {http://www.vision.ee.ethz.ch/~surf/}}

@article{triggs00,
	Abstract = { This paper is a survey of the theory and methods of photogrammetric bundle adjustment, aimed at potential implementors in the computer vision community. Bundle adjustment is the problem of refining a visual reconstruction to produce jointly optimal structure and viewing parameter estimates. Topics covered include the choice of cost function and robustness numerical optimization including sparse Newton methods, linearly convergent approximations, updating and recursive methods gauge (datum) invariance and quality control. The theory is developed for general robust cost functions rather than restricting attention to traditional nonlinear least squares. </P> <P>Keywords: Bundle Adjustment, Scene Reconstruction, Gauge Freedom, Sparse Matrices, Optimization.},
	Author = {Triggs, Bill   and Mclauchlan, Philip  F.  and Hartley, Richard  I.  and Fitzgibbon, Andrew  W. },
	Citeulike-Article-Id = {239461},
	Date-Added = {2009-03-13 17:02:18 -0700},
	Date-Modified = {2009-03-13 17:03:02 -0700},
	Journal = {Lecture Notes in Computer Science},
	Keywords = {3d, from, motion, reconstruction, structure},
	Month = {January},
	Pages = {298+},
	Posted-At = {2008-06-11 14:50:00},
	Priority = {2},
	Title = {Bundle Adjustment -- A Modern Synthesis},
	Volume = {1883},
	Year = {2000},
	Bdsk-Url-1 = {http://www.metapress.com/link.asp?id=PLVCRQ5BX753A2TN}}

@article{Pomerleau12comp,
    author = {Pomerleau, Fran{\c c}ois and Colas, Francis and Siegwart, Roland and Magnenat, St{\'e}phane},
    title = {{Comparing ICP Variants on Real-World Data Sets}},
    journal = {Autonomous Robots},
    year = {2013},
    volume = {34},
    number = {3},
    pages = {133--148},
    month = feb
}

@book{hartley04,
	Author = {Hartley, R.~I. and Zisserman, A.},
	Date-Added = {2009-03-13 16:53:28 -0700},
	Date-Modified = {2009-03-13 16:53:28 -0700},
	Edition = {Second},
	Publisher = {Cambridge University Press, ISBN: 0521540518},
	Title = {Multiple View Geometry in Computer Vision},
	Year = {2004}}

@inproceedings{moore09,
	Author = {Moore, Zach and Wright, Dan and Lewis, Chris and Schinstock, Dale},
	Booktitle = {ASPRS Annual Conf., Baltimore, Maryland},
	Date-Added = {2009-03-13 16:40:51 -0700},
	Date-Modified = {2009-03-13 17:00:03 -0700},
	Title = {Comparison of Bundle Adjustment Formulations},
	Year = {2009}}


#MRO 
@INPROCEEDINGS{ johnston03,
    author = {Johnston, M. D. and Graf, J. E. and Zurek, R. W. and Eisen, H. J. and Jai, B.},
    title = {{The Mars Reconnaissance Orbiter Mission}},
    booktitle = {2003 IEEE Aerospace Conference}, 
    pages = {447-464},
    year = 2003
}

# LRO stuff
@INPROCEEDINGS{2005LPI....36.1576R,
   author = {{Robinson}, M.~S. and {Eliason}, E.~M. and {Hiesinger}, H. and 
	{Jolliff}, B.~L. and {McEwen}, A.~S. and {Malin}, M.~C. and 
	{Ravine}, M.~A. and {Roberts}, D. and {Thomas}, P.~C. and {Turtle}, E.~P.
	},
    title = "{LROC -- Lunar Reconnaissance Orbiter Camera}",
booktitle = {Lunar and Planetary Science XXXVI},
     year = 2005,
   editor = {{Mackwell}, S. and {Stansbery}, E.},
    month = mar,
    number = {\#1576},
	organization = {Lunar and Planetary Institute, Houston (CD-ROM)},
   adsurl = {http://adsabs.harvard.edu/cgi-bin/nph-bib_query?bibcode=2005LPI....36.1576R&db_key=AST},
  adsnote = {Provided by the Smithsonian/NASA Astrophysics Data System}
}

@INPROCEEDINGS{2006LPI....37.1949C,
   author = {{Chin}, G. and {Bartels}, A. and {Brylow}, S. and {Foote}, M. and 
	{Garvin}, J. and {Kaspar}, J. and {Keller}, J. and {Mitrofanov}, I. and 
	{Raney}, K. and {Robinson}, M. and {Smith}, D. and {Spence}, H. and 
	{Spudis}, P. and {Stern}, S.~A. and {Zuber}, M.},
    title = "{Lunar Reconnaissance Orbiter Overview: The Instrument Suite and Mission}",
booktitle = {Lunar and Planetary Science XXXVII},
     year = 2006,
   editor = {{Mackwell}, S. and {Stansbery}, E.},
    month = mar,
    pages = {\#1949},
   adsurl = {http://adsabs.harvard.edu/cgi-bin/nph-bib_query?bibcode=2006LPI....37.1949C&db_key=AST},
  adsnote = {Provided by the Smithsonian/NASA Astrophysics Data System}
}


% SOCET SET ?
@INPROCEEDINGS{2006LPI....37.2050K,
   author = {{Kirk}, R.~L. and {Howington-Kraus}, E. and {Galuszka}, D. and 
	{Redding}, B. and {Hare}, T.~M. and {Heipke}, C. and {Oberst}, J. and 
	{Neukum}, G. and {HRSC Co-Investigator Team}},
    title = "{Mapping Mars with HRSC, ISIS, and SOCET SET}",
booktitle = {Lunar and Planetary Science XXXVII},
     year = 2006,
   editor = {{Mackwell}, S. and {Stansbery}, E.},
    month = mar,
    pages = {\#2050},
   adsurl = {http://adsabs.harvard.edu/cgi-bin/nph-bib_query?bibcode=2006LPI....37.2050K&db_key=AST},
  adsnote = {Provided by the Smithsonian/NASA Astrophysics Data System}
}

% ISIS references:
@INPROCEEDINGS{2004LPI....35.2039A,
   author = {{Anderson}, J.~A. and {Sides}, S.~C. and {Soltesz}, D.~L. and 
	{Sucharski}, T.~L. and {Becker}, K.~J.},
    title = "{Modernization of the Integrated Software for Imagers and Spectrometers}",
booktitle = {Lunar and Planetary Science XXXV},
     year = 2004,
   editor = {{Mackwell}, S. and {Stansbery}, E.},
    month = mar,
	number = {\#2039},
   organization = {Lunar and Planetary Institute, Houston (CD-ROM)},
   adsurl = {http://adsabs.harvard.edu/cgi-bin/nph-bib_query?bibcode=2004LPI....35.2039A&db_key=AST},
  adsnote = {Provided by the Smithsonian/NASA Astrophysics Data System}
}

@INPROCEEDINGS{1997LPI....28..387G,
    author = {{Gaddis}, L. and {Anderson}, J. and {Becker}, K. and
			{Becker}, T. and {Cook}, D. and {Edwards}, K. and 
			{Eliason}, E. and {Hare}, T. and {Kieffer}, H. and 
			{Lee}, E.~M. and {Mathews}, J. and {Soderblom}, L. and
			{Sucharski}, T. and {Torson}, J. and {McEwen}, A. and
			{Robinson}, M.},
    title = "{An Overview of the Integrated Software for Imaging 
				Spectrometers (ISIS)}",
    booktitle = {Lunar and Planetary Science Conference},
    year = 1997,
    month = mar,
    volume = 28,
    pages = {387},
    adsurl = {http://adsabs.harvard.edu/cgi-bin/nph-bib_query?bibcode=1997LPI....28..387G&db_key=AST},
    adsnote = {Provided by the NASA Astrophysics Data System}
}

@unpublished{
	ISIS_website,
	author = {U.S. Geological Survey, Flagstaff, AZ},
	title = {Integrated Software for Imagers and Spectrometers ({ISIS})},
	url = {http://isis.astrogeology.usgs.gov/},
        year= {2009}
	}

@unpublished{
	OSG_website,
	author = {The Open Scene Graph Community},
	title = {The Open Scene Graph Website},
	url = {http://www.openscenegraph.org/projects/osg},
        year= {2009}
	}

@unpublished{
	HiRISE_website,
	author = {University of Arizona, Tuscon},
	title = {The High Resolution Imaging Science Experiment},
	url = {http://hirise.lpl.arizona.edu/},
        year= {2009}
	}

% SPICE stuff
@INPROCEEDINGS{1999LPI....30.1233A,
    author = {{Acton}, C.~H.},
    title = "{SPICE Products Available to the Planetary Science Community}",
    booktitle = {Lunar and Planetary Science XXX},
    year = 1999,
    month = mar,
    number = {\#1233},
    organization = {Lunar and Planetary Institute, Houston (CD-ROM)},
    adsurl = {http://adsabs.harvard.edu/cgi-bin/nph-bib_query?bibcode=1999LPI...
.30.1233A&db_key=AST},
    adsnote = {Provided by the NASA Astrophysics Data System}
}

@INPROCEEDINGS{1999ficm.conf.6042A,
    author = {{Acton}, C.~H. and {Bachman}, N.~J. and {Bytof}, J.~A. and
            {Semenov}, B.~V. and {Taber}, W. and {Turner}, F.~S. and
            {Wright}, E.~D.},
    title = "{Examining {Mars} with SPICE}",
    booktitle = {Fifth International Conference on Mars},
    year = 1999,
    month = jul,
    number = {\#6042},
    organization = {Lunar and Planetary Institute, Houston (CD-ROM)},
    adsurl = {http://adsabs.harvard.edu/cgi-bin/nph-bib_query?bibcode=1999ficm.conf.6042A&db_key=AST},
    adsnote = {Provided by the NASA Astrophysics Data System}
}

@ARTICLE{1996P&SS...44...65A,
    author = {{Acton}, C.~H.},
    title = "{Ancillary data services of NASA's Navigation and Ancillary
                Information Facility}",
    journal = {Planetary and Space Science},
    year = 1996,
    month = jan,
    volume = 44,
    pages = {65-70},
    adsurl = {http://adsabs.harvard.edu/cgi-bin/nph-bib_query?bibcode=1996P\%26SS...44...65A&db_key=AST},
    adsnote = {Provided by the NASA Astrophysics Data System}
}

% HRSC Stuff:
@INCOLLECTION{2004mesp.book...17N,
    author = {{Neukum}, G. and {Jaumann}, R.},
    title = "{HRSC: the High Resolution Stereo Camera of Mars Express}",
    booktitle = "Mars Express: the scientific payload",
    editor = {{Wilson}, Andrew and {Chicarro}, Agustin},
    publisher = "ESA Publications Division, Noordwijk, Netherlands",
    number = {ESA SP-1240},
    year = 2004,
    month = aug,
    pages = {17-35},
   adsurl = {http://adsabs.harvard.edu/cgi-bin/nph-bib_query?bibcode=2004mesp.bo
ok...17N&db_key=AST},
  adsnote = {Provided by the Smithsonian/NASA Astrophysics Data System}
}

@INPROCEEDINGS{ ebner04,
    author = {Ebner H. and Spiegel M. and Albert B. and Bernd G. and Neukum G. et. al.},
    title = {{Improving The Exterior Orientation of Mars Express Hrsc Imagery}},
    booktitle = {XXth ISPRS Congress, Commission IV},
    year = 2004
}

% SLOG Stereo matching
@ARTICLE{nishihara05,
    author = {{Nishihara}, H.K.},
    title = {{Practical real-time imaging stereo matcher}},
    journal = {Optical Engineering},
    volume = 23,
    number = 5, 
    year = 1984, 
    pages = {{536-545}}
}

% Current ASP
@INPROCEEDINGS{edwards06,
    author = {{Edwards}, L. and {Broxton}, M.}, 
    title = {{Automated 3D Surface Reconstruction from Orbital Imagery}},
    booktitle = {Proceedings of AIAA Space 2006},
    location = {San Jose, California}, 
    month = {September},
    year = 2006
}

% Stereo pipeline work for MER
@INPROCEEDINGS{edwards05,
    author = {{Edwards}, L. and {Bowman}, J. and {Kunz}, C. and {Lees}, D. and {Sims}, M.},
    title = {{Photo-realistic Terrain Modeling and Visualization for Mars Exploration Rover Science Operations}},
    booktitle = {Proceedings of IEEE SMC 2005},
    location = {Hawaii, USA},
    month = {October},
    year = 2005
}

% Viz
@ARTICLE{nguyen01,
    author = {Nguyen, L., et al.}, 
    title = {{Virtual reality interfaces for visualization and control of remote vehicles}},
    journal = {Autonomous Robots}, 
    volume = 11,
    number = 1, 
    year = 2001
}

% Original Stereo Pipeline
@ARTICLE{stoker99,
    author = {Stoker, C. et al.}, 
    title = {{Analyzing Pathfinder data using virtual reality and superresolved imaging}},
    journal = {Journal of Geophysical Research}, 
    volume = 104,
    number = {E4},
    pages = {8889-8906}, 
    month = {April},
    year = 1999
}

@ARTICLE{gupta97,
    author = {Gupta, Rajiv and Hartley, Richard I.},
    title = {{Linear Pushbroom Cameras}},
    journal = {IEEE Transactions on Pattern Analysis and Machine Intelligence},
    volume = 19,
    number = 9,
    month = {September},
    year = 1997
}

% HRSC DTM Comparison
@INPROCEEDINGS{heipke06,
   author = {C. Heipke and J. Oberst et. al},
   title = {{The HRSC DTM Test}},
   booktitle = {Symposium of ISPRS Commission IV - Geo Spatial Databases for Sustainable Development},
   year = 2006
}

% USGS analysis of MOC DTMs (some washboarding/DTM registration references)
@ARTICLE{kirk02,
   author = {Kirk, R.L. and Soderblom, Laurence A. and
                  Howington-Kraus, Elipitha and Archinal, Brent},
   title = {{USGS High-Resolution Topomapping of Mars with Mars Orbiter
                  Camera Narrow-Angle Images}},
   journal = {IAPRS: GeoSpatial Theory, Processing and Applications},
   volume = 34, 
   part = 4,
   year = 2002
}

@INPROCEEDINGS{2002LPI....33.1845I,
   author = {{Ivanov}, A.~B. and {Lorre}, J.~J.},
    title = "{Analysis of Mars Orbiter Camera Stereo Pairs}",
booktitle = {Lunar and Planetary Institute Conference Abstracts},
     year = 2002,
    month = mar,
    pages = {1845-+},
   adsurl = {http://adsabs.harvard.edu/cgi-bin/nph-bib_query?bibcode=2002LPI....33.1845I&db_key=AST},
  adsnote = {Provided by the Smithsonian/NASA Astrophysics Data System}
}

% SIFT
@ARTICLE{lowe04,
   author = {Lowe, David G.},
   title = {{Distinctive Image Features from Scale-Invariant Keypoints}},
   journal = { International Journal of Computer Vision },
   year = 2004
}

% RANSAC
@ARTICLE{ fischler81,
   author = {Fischler, Martin A. and Bolles, Robert C.},
   title = {{Random Sample Consensus: A Paradigm for Model Fitting with
                  Applications to Image Analysis and Automated
                  Cartography}},
   journal = {Graphics and Image Processing},
   volume = 24,
   number = 6,
   month = {June},
   year = 1981
}

% Vision Workbench
@unpublished{
	visionworkbench,
	author = {NASA ARC Intelligent Systems Division},
	title = {{NASA Vision Workbench}},
	note = "NASA Ames Research Center, Moffett Field, CA. {\em http://ti.arc.nasa.gov/visionworkbench/}",
	url = {http://ti.arc.nasa.gov/visionworkbench/}
	}

@unpublished{ brady06,
	author = {Brady, Tye},
	title = {{ALHAT Requirements}},
	note = "presentation at the Lunar Coordinate Systems Review Data Product Recommendation Meeting, NASA Ames Research Center, October 11.",
}

@string{ICCV = "International Conference on Computer Vision"}
@string{CVPR = "IEEE Computer Vision and Pattern Recognition or CVPR."}

@inproceedings{Stein06:attenuating,
   author = "Andrew Stein and Andres Huertas and Larry Matthies",
   title = "Attenuating Stereo Pixel-Locking via Affine Window Adaptation",
   booktitle = "IEEE International Conference on Robotics and Automation",
   pages = "914 - 921",
   month = "May",
   year = "2006"
}

@ARTICLE{Sun02rectangular,
author="Sun, Changming",
title="Fast Stereo Matching Using Rectangular Subregioning and 3D Maximum-Surface Techniques",
journal="International Journal of Computer Vision",
year="2002",
month="Apr",
day="01",
volume="47",
number="1",
pages="99--117",
issn="1573-1405",
doi="10.1023/A:1014585622703",
url="https://doi.org/10.1023/A:1014585622703"
}



@ARTICLE{Nishihara84practical,
   author = {H.K. Nishihara},
   title = {{PRISM: A Practical real-time imaging stereo matcher}}, 
   journal = {{Optical Engineering}},
   volume = {23}, 
   number = {5}, 
   year = {1984},
   pages = {536-545}
}


@ARTICLE{Szeliski03sampling,
   author = "Richard Szeliski and Daniel Scharstein",
   title = {{Sampling the Disparity Space Image}},
   journal = {{IEEE Transactions on Pattern Analysis and Machine Intelligence (PAMI)}},
   year = "2003",
   volume = "26",
   pages = "419 - 425"
}

@inproceedings{robinson05:lroc,
   author = "M.S. Robinson and E.M. Eliason and H. Hiesinger and
                  B.L. Jolliff and A.S. McEwen and M.C. Malin and
                  M.A. Ravine and D. Roberts and P.C. Thomas and
                  E.P. Turtle",
   title = {{LROC - Lunar Reconaissance Orbiter Camera}},
   booktitle = "Proc of the Lunar and Planetary Science Conference (LPSC) XXXVI",
   pages = "1576",
   month = "March",
   year = "2005"
}

@inproceedings{anderson08:isis,
   author = "J.A. Anderson",
   title = {{ISIS Camera Model Design}},
   booktitle = "Proc of the Lunar and Planetary Science Conference (LPSC) XXXIX",
   pages = "2159",
   month = "March",
   year = "2008"
}

@inproceedings{lawrence08:apollo,
   author = "S. J. Lawrence and M. S. Robinson and M. Broxton and
                  J. D. Stopar and W. Close and J. Grunsfeld and
                  R. Ingram and L. Jefferson and S. Locke and
                  R. Mitchell and T. Scarsella and M. White and
                  M. A. Hager and T. R. Watters ad E. Bowman-Cisneros
                  and J. Danton and J. Garvin",
   title = {{The Apollo Digital Image Archive: New Research and Data Products}},
   booktitle = "Proc of the NLSI Lunar Science Conference",
   pages = "2066",
   year = "2008"
}

@ARTICLE{Baker04:lucas-kanade,
author="Baker, Simon and Matthews, Iain",
title="Lucas-Kanade 20 Years On: A Unifying Framework",
journal="International Journal of Computer Vision",
year="2004",
month="Feb",
day="01",
volume="56",
number="3",
pages="221--255",
issn="1573-1405",
doi="10.1023/B:VISI.0000011205.11775.fd",
url="https://doi.org/10.1023/B:VISI.0000011205.11775.fd"
}


@phdthesis{Menard97:robust,
    author = {Christian Menard},
    title = {{Robust Stereo and Adaptive Matching in Correlation Scale-Space}},
    school = {Institute of Automation, Vienna Institute of Technology (PRIP-TR-45)},
    year = "1997",
    month = "January"
}

 	
@article{Nehab05:improved,
author = {Diego Nehab and Szymon Rusinkiewicz and James Davis},
title = {Improved Sub-pixel Stereo Correspondences through Symmetric Refinement},
journal ={Computer Vision, IEEE International Conference on},
volume = {1},
year = {2005},
issn = {1550-5499},
pages = {557-563},
publisher = {IEEE Computer Society},
address = {Los Alamitos, CA, USA},
}

@ARTICLE{cheng04:bayesian,
title={Bayesian Stereo Matching},
author={ Li Cheng and Caelli, T.},
journal={Computer Vision and Pattern Recognition Workshop, 2004. CVPRW '04. Conference on},
year={2004},
month={June},
volume={},
number={},
pages={ 192-192},
ISSN={}, }

@inproceedings{nefian:bayes_em,
   title={{A Bayesian Formulation for Subpixel Refinement in Stereo Orbital Imagery}},
   author={ Ara V. Nefian and Kyle Husmann and Michael Broxton and Mattew D. Hancher and Michael Lundy},
   booktitle = "to appear in the Proceedings of the 2009 IEEE International Conference on Image Processing",
   year = "2009"
}

@inproceedings{broxton:isvc09,
   title={{ 3D Lunar Terrain Reconstruction from Apollo Images }},
   author={ Michael Broxton and Ara V. Nefian and Zachary Moratto and Taemin Kim and Michael Lundy and Aleksandr V. Segal },
   booktitle = {{to appear in the Proceedings of the 5th International Symposium on Visual Computing}},
   year = "2009"
}

@conference {konolige:sparsesparse,
	title = {Sparse Sparse Bundle Adjustment},
	booktitle = {British Machine Vision Conference},
	year = {2010},
	month = {08/2010},
	address = {Aberystwyth, Wales},
	keywords = {computer vision, perception},
	attachments = {http://www.willowgarage.com/sites/default/files/ssba.pdf},
	author = {Kurt Konolige}
}

@article{cholmod,
 author = {Chen, Yanqing and Davis, Timothy A. and Hager, William W. and Rajamanickam, Sivasankaran},
 title = {Algorithm 887: CHOLMOD, Supernodal Sparse Cholesky Factorization and Update/Downdate},
 journal = {ACM Trans. Math. Softw.},
 issue_date = {October 2008},
 volume = {35},
 number = {3},
 month = oct,
 year = {2008},
 issn = {0098-3500},
 pages = {22:1--22:14},
 articleno = {22},
 numpages = {14},
 url = {http://doi.acm.org/10.1145/1391989.1391995},
 acmid = {1391995},
 publisher = {ACM},
 address = {New York, NY, USA},
 keywords = {Cholesky factorization, linear equations, sparse matrices},
}

@misc{lunokhod:controlnetwork,
author = {Moratto, Zachary},
title = {Creating Control Networks and Bundle Adjusting with ISIS3},
journal = {Lunokhod},
type = {Blog},
number = {March 5},
year = {2012},
howpublished = {\url{http://lunokhod.org/?p=468}}
}

@misc{lunokhod:gcp,
author = {Moratto, Zachary},
title = {Making well registered DEMs with ISIS and Ames Stereo Pipeline},
journal = {Lunokhod},
type = {Blog},
number = {April 14},
year = {2012},
howpublished = {\url{http://lunokhod.org/?p=559}}
}

@unpublished{isis:documentation,
	author = {USGS Astrogeology Science Center},
	title = {{USGS ISIS Documentation}},
	note = "Isis 3 Application Documentation {\em http://isis.astrogeology.usgs.gov/Application/index.html}",
	url = {http://isis.astrogeology.usgs.gov/Application/index.html}
}

@misc{cgiar:srtm90m,
        author = {The CGIAR Consortium for Spatial Information},
        title = {{CGIAR-CSI SRTM 90m DEM Digital Elevation Database}},
        url = {http://srtm.csi.cgiar.org}
}

@unpublished{digital-globe:samples,
        author = {Digital Globe},
        title  = {{Satellite Imagery and Geospatial Information Products}},
        note   = "Digital Globe sample imagery {\em http://www.digitalglobe.com/product-samples}",
        url    = {http://www.digitalglobe.com/product-samples}
}

@unpublished{digital-globe:camera,
        author = {Digital Globe},
        title  = {{Radiometric Use of WorldView 2 Imagery}},
        note   = "Description of the WV02 camera",
        url    = {http://www.digitalglobe.com/sites/default/files/Radiometric_Use_of_WorldView-2_Imagery\%20\%281\%29.pdf}
}

@unpublished{geoeye:samples,
        author = {GeoEye},
        title  = {{Sample Imagery Request Form}},
        note   = "GeoEye sample imagery request form {\em http://geoeye.com/CorpSite/solutions/learn-more/sample-imagery.aspx}",
        url    = {http://geoeye.com/CorpSite/solutions/learn-more/sample-imagery.aspx}
}

@misc{planetaryblog:vesta,
        author = {Machacek, Daniel},
        title  = {{Images from the long-awaited Dawn Vesta data set}},
        journal = {The Planetary Society},
        type = {Guest Blog},
        number = {November 29},
        year = {2012},
        howpublished = {\url{http://www.planetary.org/blogs/guest-blogs/20121129-machacek-dawn-vesta.html}}
}

% Multi-view triangulation
@misc{slabaugh2001optimal,
  title={Optimal ray intersection for computing 3d points from n-view correspondences},
  author={Slabaugh, Greg and Schafer, Ron and Livingston, Mark},
  year={2001},
  publisher={Citeseer},
  howpublished = {\url{http://www.soi.city.ac.uk/~sbbh653/publications/opray.pdf}}
}

% Lunar lambertian
@article{mcewen1991photometric,
  title={Photometric functions for photoclinometry and other applications},
  author={McEwen, Alfred S},
  journal={Icarus},
  volume={92},
  number={2},
  pages={298--311},
  year={1991},
  publisher={Elsevier}
}

@article{lohse2006derivation,
  title={Derivation of planetary topography using multi-image shape-from-shading},
  author={Lohse, Volker and Heipke, Christian and Kirk, Randolph L},
  journal={Planetary and space science},
  volume={54},
  number={7},
  pages={661--674},
  year={2006},
  publisher={Elsevier}
}

@article{abrams2002aster,
  title={ASTER User Handbook, version 2},
  author={Abrams, Michael and Hook, Simon and Ramachandran, Bhaskar},
  journal={Jet Propulsion Laboratory},
  volume={4800},
  pages={135},
  year={2002}
}

@article{girod2015improvement,
  title={Improvement of DEM generation from ASTER images using satellite jitter estimation and open source implementation},
  author={Girod, L and Nuth, C and K{\"a}{\"a}b, A},
  journal={The International Archives of Photogrammetry, Remote Sensing and Spatial Information Sciences},
  volume={40},
  number={1},
  pages={249},
  year={2015},
  publisher={Copernicus GmbH}
}

%% This BibTeX bibliography file was created using BibDesk.
%% http://bibdesk.sourceforge.net/


%% Created for Ross Beyer at 2014-03-24 17:05:49 -0700 


%% Saved with string encoding Unicode (UTF-8) 



@article{2012P&SS...71...64D,
	Adsnote = {Provided by the SAO/NASA Astrophysics Data System},
	Adsurl = {http://adsabs.harvard.edu/abs/2012P%26SS...71...64D},
	Author = {{Debei}, S. and {Aboudan}, A. and {Colombatti}, G. and {Pertile}, M.},
	Date-Added = {2014-03-25 00:05:00 +0000},
	Date-Modified = {2014-03-25 00:05:10 +0000},
	Journal = {Planetary and Space Science},
	Month = oct,
	Pages = {64-72},
	Title = {{Lutetia surface reconstruction and uncertainty analysis}},
	Volume = 71,
	Year = 2012,
	Bdsk-Url-1 = {http://dx.doi.org/10.1016/j.pss.2012.07.013}}

@article{2014NatCo...5E3417L,
	Adsnote = {Provided by the SAO/NASA Astrophysics Data System},
	Adsurl = {http://adsabs.harvard.edu/abs/2014NatCo...5E3417L},
	Author = {{Lucas}, A. and {Mangeney}, A. and {Ampuero}, J.~P.},
	Date-Added = {2014-03-25 00:01:22 +0000},
	Date-Modified = {2014-03-25 00:01:22 +0000},
	Eid = {3417},
	Journal = {Nature Communications},
	Month = mar,
	Title = {{Frictional velocity-weakening in landslides on Earth and on other planetary bodies}},
	Volume = 5,
	Year = 2014,
	Bdsk-Url-1 = {http://dx.doi.org/10.1038/ncomms4417}}

@inproceedings{2014LPI....45.1211H,
	Adsnote = {Provided by the SAO/NASA Astrophysics Data System},
	Adsurl = {http://adsabs.harvard.edu/abs/2014LPI....45.1211H},
	Author = {{Hughes}, A.~C.~G. and {Hauber}, E. and {Rossi}, A.~P.},
	Booktitle = {Lunar and Planetary Science Conference 45},
	Date-Added = {2014-03-24 23:57:03 +0000},
	Date-Modified = {2014-03-24 23:57:20 +0000},
	Month = mar,
	Number = {\#1211},
	Series = {Lunar and Planetary Institute Science Conference Abstracts},
	Title = {{Geomorphology of Glacial and Periglacial Landforms Within a Small Crater in Terra Cimmeria, Mars: Stratigraphy and Inferred Chronology of Processes}},
	Volume = 45,
	Year = 2014}

@inproceedings{2014LPI....45.1723L,
	Adsnote = {Provided by the SAO/NASA Astrophysics Data System},
	Adsurl = {http://adsabs.harvard.edu/abs/2014LPI....45.1723L},
	Author = {{Lucchetti}, A. and {Thomas}, R. and {Cremonese}, G. and {Massironi}, M. and {Rothery}, D.~A. and {Conway}, S.~J. and {Anand}, M.},
	Booktitle = {Lunar and Planetary Science Conference 45},
	Date-Added = {2014-03-24 23:52:55 +0000},
	Date-Modified = {2014-03-24 23:53:18 +0000},
	Month = mar,
	Number = {\#1723},
	Series = {Lunar and Planetary Institute Science Conference Abstracts},
	Title = {{Analysis and Numerical Modeling of a Pit Crater on Mercury}},
	Volume = 45,
	Year = 2014}

@inproceedings{2014LPI....45.2836W,
	Adsnote = {Provided by the SAO/NASA Astrophysics Data System},
	Adsurl = {http://adsabs.harvard.edu/abs/2014LPI....45.2836W},
	Author = {{Watters}, W.~A. and {Radford}, A.~C.},
	Booktitle = {Lunar and Planetary Science 45},
	Date-Added = {2014-03-24 23:46:59 +0000},
	Date-Modified = {2014-03-24 23:47:39 +0000},
	Month = mar,
	Number = {\#2836},
	Series = {Lunar and Planetary Institute Science Conference Abstracts},
	Title = {{3-D Morphometry of Martian Secondary Impact Craters from Zunil and Gratteri}},
	Volume = 45,
	Year = 2014}

@inproceedings{2013LPI....44.3081W,
	Adsnote = {Provided by the SAO/NASA Astrophysics Data System},
	Adsurl = {http://adsabs.harvard.edu/abs/2013LPI....44.3081W},
	Author = {{Watters}, W.~A. and {Geiger}, L. and {Fendrock}, M.},
	Booktitle = {Lunar and Planetary Science Conference 44},
	Date-Added = {2014-03-24 23:45:48 +0000},
	Date-Modified = {2014-03-24 23:46:59 +0000},
	Month = mar,
	Number = {\#3081},
	Series = {Lunar and Planetary Institute Science Conference Abstracts},
	Title = {{Shape Distribution of Fresh Martian Impact Craters from High-Resolution DEMs}},
	Volume = 44,
	Year = 2013}

@inproceedings{2010LPI....41.1863W,
	Adsnote = {Provided by the SAO/NASA Astrophysics Data System},
	Adsurl = {http://adsabs.harvard.edu/abs/2010LPI....41.1863W},
	Author = {{Watters}, T.~R. and {Robinson}, M.~S. and {Beyer}, R.~A. and {Bell}, J.~F. and {Pritchard}, M.~E. and {Banks}, M.~E. and {Turtle}, E.~P. and {Williams}, N.~R. and {LROC Team}},
	Booktitle = {Lunar and Planetary Science Conference 41},
	Date-Added = {2013-04-26 22:58:00 +0000},
	Date-Modified = {2013-04-26 22:58:00 +0000},
	Editor = {{Mackwell}, S. and {Stansbery}, E.},
	Month = mar,
	Number = {\#1863},
	Organization = {Lunar and Planetary Institute, Houston},
	Title = {{Lunar Thrust Faults: Implications for the Thermal History of the Moon}},
	Year = 2010,
	Bdsk-Url-1 = {http://adsabs.harvard.edu/abs/2010LPI....41.1863W}}

@inproceedings{2010LPI....41.2678B,
	Adsnote = {Provided by the SAO/NASA Astrophysics Data System},
	Adsurl = {http://adsabs.harvard.edu/abs/2010LPI....41.2678B},
	Author = {{Beyer}, R.~A. and {Archinal}, B. and {Chen}, Y. and {Edmundson}, K. and {Harbour}, D. and {Howington-Kraus}, E. and {Li}, R. and {McEwen}, A. and {Mattson}, S. and {Moratto}, Z. and {Oberst}, J. and {Rosiek}, M. and {Scholten}, F. and {Tran}, T. and {Robinson}, M. and {LROC Team}},
	Booktitle = {Lunar and Planetary Science Conference 41},
	Date-Added = {2013-04-26 22:56:25 +0000},
	Date-Modified = {2013-04-26 22:56:25 +0000},
	Editor = {{Mackwell}, S. and {Stansbery}, E.},
	Month = mar,
	Number = {\#2678},
	Organization = {Lunar and Planetary Institute, Houston},
	Title = {{LROC Stereo Data--Results of Initial Analysis}},
	Year = 2010,
	Bdsk-Url-1 = {http://adsabs.harvard.edu/abs/2010LPI....41.2678B}}

@article{2010AGUFM.P21B1596P,
	Adsnote = {Provided by the SAO/NASA Astrophysics Data System},
	Adsurl = {http://adsabs.harvard.edu/abs/2010AGUFM.P21B1596P},
	Author = {{Phillips}, C.~B. and {Beyer}, R.~A. and {Nimmo}, F. and {Roberts}, J.~H. and {Robuchon}, G.},
	Date-Added = {2013-04-26 22:54:02 +0000},
	Date-Modified = {2013-04-26 22:54:02 +0000},
	Journal = {AGU Fall Meeting Abstracts},
	Keywords = {[5420] PLANETARY SCIENCES: SOLID SURFACE PLANETS / Impact phenomena, cratering, [5455] PLANETARY SCIENCES: SOLID SURFACE PLANETS / Origin and evolution, [6218] PLANETARY SCIENCES: SOLAR SYSTEM OBJECTS / Jovian satellites, [6280] PLANETARY SCIENCES: SOLAR SYSTEM OBJECTS / Saturnian satellites},
	Month = dec,
	Number = {\#P21B-1596},
	Title = {{Crater Relaxation and Stereo Imaging of the Icy Satellites of Jupiter and Saturn}},
	Year = 2010,
	Bdsk-Url-1 = {http://adsabs.harvard.edu/abs/2010AGUFM.P21B1596P}}

@inproceedings{2011LPI....42.2267M,
	Author = {{Moratto}, Z. and Nefian, A. and {Kim}, T. and {Broxton}, M. and {Beyer}, R.~A. and Fong, T.},
	Booktitle = {Lunar and Planetary Science Conference 42},
	Date-Added = {2013-04-26 22:52:38 +0000},
	Date-Modified = {2013-04-26 22:52:38 +0000},
	Editor = {{Mackwell}, S. and {Stansbery}, E.},
	Number = {\#2267},
	Organization = {Lunar and Planetary Institute, Houston},
	Title = {Stereo Reconstruction from Apollo 15 and 16 Metric Camera},
	Year = {2011}}

@inproceedings{2011LPI....42.2418L,
	Author = {{Lefort}, A. and {Burr}, D.~M. and {Beyer}, R.~A. and {Howard}, A.~D.},
	Booktitle = {Lunar and Planetary Science Conference 42},
	Date-Added = {2013-04-26 22:51:25 +0000},
	Date-Modified = {2013-04-26 22:51:25 +0000},
	Editor = {{Mackwell}, S. and {Stansbery}, E.},
	Number = {\#2418},
	Organization = {Lunar and Planetary Institute, Houston},
	Title = {Topographic Post-Formation Modifications of Inverted Fluvial Features in the Western {Medusa Fossae} Formation, {Mars}},
	Year = {2011}}

@inproceedings{2011LPI....42.2633H,
	Author = {Hammond, N. P. and C. B. Phillips and G. Robuchon and {Beyer}, R.~A. and Nimmo, F. and J. Roberts},
	Booktitle = {Lunar and Planetary Science Conference 42},
	Date-Added = {2013-04-26 22:50:53 +0000},
	Date-Modified = {2013-04-26 22:50:53 +0000},
	Editor = {{Mackwell}, S. and {Stansbery}, E.},
	Number = {\#2633},
	Organization = {Lunar and Planetary Institute, Houston},
	Title = {Crater Relaxation and Stereo Imaging of Rhea},
	Year = {2011}}

@inproceedings{2011LPI....42.2715B,
	Author = {{Beyer}, R.~A. and {Archinal}, B. and Y. Cheng and {Edmundson}, K. and {Howington-Kraus}, E. and {Kirk}, R.~L. and {Li}, R. and {McEwen}, A.~S. and {Mattson}, S. and X. Meng and {Moratto}, Z. and {Oberst}, J. and {Rosiek}, M. and {Scholten}, F. and {Tran}, T. and O. Thomas and W. Wang and {the LROC Team}},
	Booktitle = {Lunar and Planetary Science Conference 42},
	Date-Added = {2013-04-26 22:49:58 +0000},
	Date-Modified = {2013-04-26 22:49:58 +0000},
	Editor = {{Mackwell}, S. and {Stansbery}, E.},
	Number = {\#2715},
	Organization = {Lunar and Planetary Institute, Houston},
	Title = {{LROC DTM} Comparison Effort},
	Year = {2011}}

@article{2011AGUFM.P41F..07P,
	Adsnote = {Provided by the SAO/NASA Astrophysics Data System},
	Adsurl = {http://adsabs.harvard.edu/abs/2011AGUFM.P41F..07P},
	Author = {{Phillips}, C.~B. and {Hammond}, N.~P. and {Nimmo}, F. and {robuchon}, G. and {Beyer}, R.~A. and {Roberts}, J.~H.},
	Date-Added = {2013-04-26 22:48:22 +0000},
	Date-Modified = {2013-04-26 22:48:22 +0000},
	Journal = {AGU Fall Meeting Abstracts},
	Keywords = {[5418] PLANETARY SCIENCES: SOLID SURFACE PLANETS / Heat flow, [5420] PLANETARY SCIENCES: SOLID SURFACE PLANETS / Impact phenomena, cratering, [6280] PLANETARY SCIENCES: SOLAR SYSTEM OBJECTS / Saturnian satellites},
	Month = dec,
	Number = {\#P41F-07},
	Title = {{Crater Relaxation and Stereo Imaging of Icy Satellites}},
	Year = 2011,
	Bdsk-Url-1 = {http://adsabs.harvard.edu/abs/2011AGUFM.P41F..07P}}

@article{2012JGRE..117.3007L,
	Adsnote = {Provided by the SAO/NASA Astrophysics Data System},
	Adsurl = {http://adsabs.harvard.edu/abs/2012JGRE..117.3007L},
	Author = {{Lefort}, A. and {Burr}, D.~M. and {Beyer}, R.~A. and {Howard}, A.~D.},
	Date-Added = {2013-04-26 22:47:19 +0000},
	Date-Modified = {2013-04-26 22:47:19 +0000},
	Eid = {E03007},
	Journal = {Journal of Geophysical Research (Planets)},
	Keywords = {Hydrology: Geomorphology: general (1625), Hydrology: Geomorphology: fluvial (1625), Planetary Sciences: Comets and Small Bodies: Surfaces, Planetary Sciences: Solar System Objects: Mars},
	Month = mar,
	Pages = {3007},
	Title = {{Inverted fluvial features in the Aeolis-Zephyria Plana, western Medusae Fossae Formation, Mars: Evidence for post-formation modification}},
	Volume = 117,
	Year = 2012,
	Bdsk-Url-1 = {http://dx.doi.org/10.1029/2011JE004008}}

@inproceedings{2012LPI....43.1953L,
	Adsnote = {Provided by the SAO/NASA Astrophysics Data System},
	Adsurl = {http://adsabs.harvard.edu/abs/2012LPI....43.1953L},
	Author = {{Lefort}, A. and {Burr}, D.~M. and {Beyer}, R.~A. and {Howard}, A.~D.},
	Booktitle = {Lunar and Planetary Science Conference 43},
	Date-Added = {2013-04-26 22:46:30 +0000},
	Date-Modified = {2013-04-26 22:46:30 +0000},
	Eid = {1953},
	Month = mar,
	Number = {\#1953},
	Title = {{Sinuous Ridges as Tools to Investigate Post-Flow Modification in the Aeolis-Zephyria Plana, Western Medusae Fossae Formation, Mars}},
	Year = 2012,
	Bdsk-Url-1 = {http://adsabs.harvard.edu/abs/2012LPI....43.1953L}}

@inproceedings{2012LPI....43.2571P,
	Adsnote = {Provided by the SAO/NASA Astrophysics Data System},
	Adsurl = {http://adsabs.harvard.edu/abs/2012LPI....43.2571P},
	Author = {{Phillips}, C.~B. and {Hammond}, N.~P. and {Robuchon}, G. and {Nimmo}, F. and {Beyer}, R.~A. and {Roberts}, J.},
	Booktitle = {Lunar and Planetary Science Conference 43},
	Date-Added = {2013-04-26 22:45:46 +0000},
	Date-Modified = {2013-04-26 22:45:46 +0000},
	Eid = {2571},
	Month = mar,
	Number = {\#2571},
	Title = {{Stereo Imaging, Crater Relaxation, and Thermal Histories of Rhea and Dione}},
	Year = 2012,
	Bdsk-Url-1 = {http://adsabs.harvard.edu/abs/2012LPI....43.2571P}}

@inproceedings{2012LPI....43.2815M,
	Adsnote = {Provided by the SAO/NASA Astrophysics Data System},
	Adsurl = {http://adsabs.harvard.edu/abs/2012LPI....43.2815M},
	Author = {{Morgan}, A.~M. and {Beyer}, R.~A. and {Howard}, A.~D. and {Moore}, J.~M.},
	Booktitle = {Lunar and Planetary Science Conference 43},
	Date-Added = {2013-04-26 22:44:21 +0000},
	Date-Modified = {2013-04-26 22:44:21 +0000},
	Eid = {2815},
	Month = mar,
	Number = {\#2815},
	Title = {{The Alluvial Fans of Saheki Crater}},
	Year = 2012,
	Bdsk-Url-1 = {http://adsabs.harvard.edu/abs/2012LPI....43.2815M}}

@inproceedings{2013LPICo1719.2766P,
	Adsnote = {Provided by the SAO/NASA Astrophysics Data System},
	Adsurl = {http://adsabs.harvard.edu/abs/2013LPICo1719.2766P},
	Author = {{Phillips}, C.~B. and {Hammond}, N.~P. and {Roberts}, J.~H. and {Nimmo}, F. and {Beyer}, R.~A. and {Kattenhorn}, S.},
	Booktitle = {Lunar and Planetary Science Conference 44},
	Date-Added = {2013-04-26 22:42:21 +0000},
	Date-Modified = {2013-04-26 22:42:21 +0000},
	Journal = {LPI Contributions},
	Month = mar,
	Number = {\#2766},
	Title = {{Stereo Topography and Subsurface Thermal Profiles on Icy Satellites of Saturn}},
	Year = 2013}

@article{2013LPICo1719.2966O,
	Adsnote = {Provided by the SAO/NASA Astrophysics Data System},
	Adsurl = {http://adsabs.harvard.edu/abs/2013LPICo1719.2966O},
	Author = {{{\"O}hman}, T. and {McGovern}, P.~J.},
	Date-Added = {2013-04-26 22:32:13 +0000},
	Date-Modified = {2013-04-26 22:32:13 +0000},
	Journal = {LPI Contributions},
	Month = mar,
	Pages = {2966},
	Title = {{Strain Calculations for Circumferential Graben on Alba Mons, Mars}},
	Volume = 1719,
	Year = 2013}

@inproceedings{Kunz:2010zr,
	Annote = {References Broxton et al., but doesn't really use ASP.},
	Author = {Kunz, C. and Singh, H.},
	Booktitle = {Autonomous Underwater Vehicles (AUV), 2010 IEEE/OES},
	Date-Added = {2013-04-26 19:59:28 +0000},
	Date-Modified = {2013-04-26 19:59:32 +0000},
	Issn = {1522-3167},
	Keywords = {SLAM (robots);calibration;distance measurement;image matching;mobile robots;pose estimation;remotely operated vehicles;robot vision;stereo image processing;underwater vehicles;AUV mapping system;SeaBED AUV;camera calibration;frame-to-frame visual feature matching;full 3D structure recovering;odometry-based pose estimation;on-board vehicle navigation sensor;robot;seafloor mapping;simultaneous localization and mapping;stereo calibration;stereo self-calibration;stereo vision;stereo visual odometry;structure from motion;subpixel stereo correspondence estimation;visual maps;Calibration;Cameras;Image reconstruction;Navigation;Sea measurements;Vehicles;Visualization},
	Pages = {1-7},
	Title = {Stereo self-calibration for seafloor mapping using AUVs},
	Year = {2010},
	Bdsk-Url-1 = {http://dx.doi.org/10.1109/AUV.2010.5779655}}

@article{Golombek:2012ys,
	Author = {Golombek, M. and Grant, J. and Kipp, D. and Vasavada, A. and Kirk, R. and Fergason, R. and Bellutta, P. and Calef, F. and Larsen, K. and Katayama, Y. and Huertas, A. and Beyer, R. and Chen, A. and Parker, T. and Pollard, B. and Lee, S. and Sun, Y. and Hoover, R. and Sladek, H. and Grotzinger, J. and Welch, R. and Noe Dobrea, E. and Michalski, J. and Watkins, M.},
	Date-Added = {2013-04-26 19:09:50 +0000},
	Date-Modified = {2013-04-26 19:09:50 +0000},
	Issn = {0038-6308},
	Journal = {Space Science Reviews},
	Keywords = {Landing sites; Mars; Surface materials; Surface characteristics; Mars Science Laboratory},
	Language = {English},
	Number = {1-4},
	Pages = {641-737},
	Publisher = {Springer Netherlands},
	Title = {Selection of the Mars Science Laboratory Landing Site},
	Url = {http://dx.doi.org/10.1007/s11214-012-9916-y},
	Volume = {170},
	Year = {2012},
	Bdsk-Url-1 = {http://dx.doi.org/10.1007/s11214-012-9916-y}}

@article{Kim20092095,
	Annote = {Mentions, but does not use ASP.},
	Author = {J.R. Kim and J.-P. Muller},
	Date-Added = {2013-04-26 19:03:21 +0000},
	Date-Modified = {2013-04-26 19:03:26 +0000},
	Issn = {0032-0633},
	Journal = {Planetary and Space Science},
	Keywords = {Slope},
	Number = {14--15},
	Pages = {2095 - 2112},
	Title = {Multi-resolution topographic data extraction from Martian stereo imagery},
	Url = {http://www.sciencedirect.com/science/article/pii/S0032063309002888},
	Volume = {57},
	Year = {2009},
	Bdsk-Url-1 = {http://www.sciencedirect.com/science/article/pii/S0032063309002888},
	Bdsk-Url-2 = {http://dx.doi.org/10.1016/j.pss.2009.09.024}}

@inproceedings{Schwendner:vn,
	Annote = {Doesn't actually use ASP, just mentions it as an example.},
	Author = {Schwendner, Jakob and Hidalgo, Javier},
	Booktitle = {International Symposium on Artificial Intelligence, Robotics and Automation in Space (i-SAIRAS)},
	Date-Added = {2013-04-26 18:58:34 +0000},
	Date-Modified = {2013-04-26 19:01:09 +0000},
	Month = {September},
	Title = {Terrain Aided navgiation for Plaentary Exploration Missions},
	Year = {2012}}

@article{Debei201264,
	Annote = {ASP is mentioned as an example, but I don't think this text is 'using' ASP for their results.},
	Author = {Stefano Debei and Alessio Aboudan and Giacomo Colombatti and Marco Pertile},
	Date-Added = {2013-04-26 18:54:17 +0000},
	Date-Modified = {2013-04-26 18:54:26 +0000},
	Issn = {0032-0633},
	Journal = {Planetary and Space Science},
	Keywords = {Uncertainty},
	Number = {1},
	Pages = {64 - 72},
	Title = {Lutetia surface reconstruction and uncertainty analysis},
	Url = {http://www.sciencedirect.com/science/article/pii/S0032063312002073},
	Volume = {71},
	Year = {2012},
	Bdsk-Url-1 = {http://www.sciencedirect.com/science/article/pii/S0032063312002073},
	Bdsk-Url-2 = {http://dx.doi.org/10.1016/j.pss.2012.07.013}}

@article{JGRE:JGRE2993,
	Author = {{\"O}hman, Teemu and Kring, David A.},
	Date-Added = {2013-04-26 18:50:46 +0000},
	Date-Modified = {2013-04-26 18:50:46 +0000},
	Issn = {2156-2202},
	Journal = {Journal of Geophysical Research: Planets},
	Keywords = {impact cratering, impact melts, lunar craters, lunar exploration, rheology},
	Number = {E12},
	Pages = {n/a--n/a},
	Title = {Photogeologic analysis of impact melt-rich lithologies in Kepler crater that could be sampled by future missions},
	Url = {http://dx.doi.org/10.1029/2011JE003918},
	Volume = {117},
	Year = {2012},
	Bdsk-Url-1 = {http://dx.doi.org/10.1029/2011JE003918}}

@article{Hammond2013418,
	Author = {N.P. Hammond and C.B. Phillips and F. Nimmo and S.A. Kattenhorn},
	Date-Added = {2013-04-26 18:48:50 +0000},
	Date-Modified = {2013-04-26 18:48:50 +0000},
	Issn = {0019-1035},
	Journal = {Icarus},
	Keywords = {Tectonics},
	Number = {1},
	Pages = {418 - 422},
	Title = {Flexure on Dione: Investigating subsurface structure and thermal history},
	Url = {http://www.sciencedirect.com/science/article/pii/S0019103513000043},
	Volume = {223},
	Year = {2013},
	Bdsk-Url-1 = {http://www.sciencedirect.com/science/article/pii/S0019103513000043},
	Bdsk-Url-2 = {http://dx.doi.org/10.1016/j.icarus.2012.12.021}}

@article{Peel2013,
	Author = {Samantha E. Peel and Caleb I. Fassett},
	Date-Added = {2013-04-26 18:46:01 +0000},
	Date-Modified = {2013-04-26 18:46:01 +0000},
	Issn = {0019-1035},
	Journal = {Icarus},
	Keywords = {Pit Craters},
	Number = {0},
	Pages = {-},
	Title = {Valleys in Pit Craters on Mars: Characteristics, Distribution, and Formation Mechanisms},
	Url = {http://www.sciencedirect.com/science/article/pii/S0019103513001474},
	Year = {2013},
	Bdsk-Url-1 = {http://www.sciencedirect.com/science/article/pii/S0019103513001474},
	Bdsk-Url-2 = {http://dx.doi.org/10.1016/j.icarus.2013.03.031}}

@article{doi:10.1117/12.974524,
	Author = {Re, Cristina and Cremonese, Gabriele and Dall'Asta, Elisa and Forlani, Gianfranco and Naletto, Giampiero and Roncella, Riccardo},
	Date-Added = {2013-04-26 18:40:24 +0000},
	Date-Modified = {2013-04-26 18:41:53 +0000},
	Journal = {Proc. SPIE 8537, Image and Signal Processing for Remote Sensing XVIII},
	Pages = {85370V-85370V-12},
	Title = {Performance evaluation of DTM area-based matching reconstruction of Moon and Mars},
	Url = {http://dx.doi.org/10.1117/12.974524},
	Year = {2012},
	Bdsk-Url-1 = {+%20http://dx.doi.org/10.1117/12.974524},
	Bdsk-Url-2 = {http://dx.doi.org/10.1117/12.974524}}

@article{ROB:ROB20410,
	Author = {SunSpiral, Vytas and Wheeler, D.W. and Chavez-Clemente, Daniel and Mittman, David},
	Date-Added = {2013-04-26 18:34:31 +0000},
	Date-Modified = {2013-04-26 18:34:31 +0000},
	Issn = {1556-4967},
	Journal = {Journal of Field Robotics},
	Number = {3},
	Pages = {483--505},
	Publisher = {Wiley Subscription Services, Inc., A Wiley Company},
	Title = {Development and field testing of the FootFall planning system for the ATHLETE robots},
	Url = {http://dx.doi.org/10.1002/rob.20410},
	Volume = {29},
	Year = {2012},
	Bdsk-Url-1 = {http://dx.doi.org/10.1002/rob.20410}}

@article{Huffman20111273,
	Author = {John Huffman and Andrew Forsberg and Andrew Loomis and James Head and James Dickson and Caleb Fassett},
	Date-Added = {2013-04-26 18:30:45 +0000},
	Date-Modified = {2013-04-26 18:30:45 +0000},
	Issn = {0032-0633},
	Journal = {Planetary and Space Science},
	Keywords = {Mars stereo visualization workflow analysis},
	Number = {11--12},
	Pages = {1273 - 1279},
	Title = {Integrating advanced visualization technology into the planetary Geoscience workflow},
	Url = {http://www.sciencedirect.com/science/article/pii/S0032063310002175},
	Volume = {59},
	Year = {2011},
	Bdsk-Url-1 = {http://www.sciencedirect.com/science/article/pii/S0032063310002175},
	Bdsk-Url-2 = {http://dx.doi.org/10.1016/j.pss.2010.07.015}
}

@article{Li:2011fk,
	Annote = {Doesn't really "use" ASP, just obliquely talks about it.},
	Author = {Rongxing Li and Juwon Hwangbo and Yunhang Chen and Kaichang Di},
	Date-Added = {2013-04-26 18:23:29 +0000},
	Date-Modified = {2013-04-26 18:24:06 +0000},
	Issn = {0196-2892},
	Journal = {Geoscience and Remote Sensing, IEEE Transactions on},
	Number = {7},
	Pages = {2558-2572},
	Title = {Rigorous Photogrammetric Processing of HiRISE Stereo Imagery for Mars Topographic Mapping},
	Volume = {49},
	Year = {2011},
	Bdsk-Url-1 = {http://dx.doi.org/10.1109/TGRS.2011.2107522}
}

@article{stevens2015greenland,
  title={Greenland supraglacial lake drainages triggered by hydrologically induced basal slip},
  author={Stevens, Laura A and Behn, Mark D and McGuire, Jeffrey J and Das, Sarah B and Joughin, Ian and Herring, Thomas and Shean, David E and King, Matt A},
  journal={Nature},
  volume={522},
  number={7554},
  pages={73--76},
  year={2015},
  publisher={Nature Publishing Group}
}

@article{willis2015outlet,
  title={Outlet glacier response to the 2012 collapse of the Matusevich Ice Shelf, Severnaya Zemlya, Russian Arctic},
  author={Willis, Michael J and Melkonian, Andrew K and Pritchard, Matthew E},
  journal={Journal of Geophysical Research: Earth Surface},
  volume={120},
  number={10},
  pages={2040--2055},
  year={2015},
  publisher={Wiley Online Library}
}

@article{shean2016automated,
  title={An automated, open-source pipeline for mass production of digital elevation models (DEMs) from very-high-resolution commercial stereo satellite imagery},
  author={Shean, David E and Alexandrov, Oleg and Moratto, Zachary M and Smith, Benjamin E and Joughin, Ian R and Porter, Claire and Morin, Paul},
  journal={ISPRS Journal of Photogrammetry and Remote Sensing},
  volume={116},
  pages={101--117},
  year={2016},
  publisher={Elsevier}
}

@article{lacroix2016landslides,
  title={Landslides triggered by the Gorkha earthquake in the Langtang valley, volumes and initiation processes},
  author={Lacroix, Pascal},
  journal={Earth, Planets and Space},
  volume={68},
  number={1},
  pages={1--10},
  year={2016},
  publisher={Springer}
}


@article{pope2016estimating,
  title={Estimating supraglacial lake depth in West Greenland using Landsat 8 and comparison with other multispectral methods},
  author={Pope, Allen and Scambos, TA and Moussavi, M and Tedesco, M and Willis, M and Shean, D and Grigsby, S},
  journal={The Cryosphere},
  volume={10},
  pages={15},
  year={2016}
}

@article{melkonian2016recent,
  title={Recent changes in glacier velocities and thinning at Novaya Zemlya},
  author={Melkonian, Andrew K and Willis, Michael J and Pritchard, Matthew E and Stewart, Adam J},
  journal={Remote Sensing of Environment},
  volume={174},
  pages={244--257},
  year={2016},
  publisher={Elsevier}
}

@article{hirschmuller_sgm_original,
  title={Stereo Processing by Semiglobal Matching and Mutual Information},
  author={Hirschm{\"u}ller, Heiko},
  journal={IEEE Transactions on Pattern Analysis and Machine Intelligence},
  volume={30},
  pages={328--341},
  year={2008},
  publisher={IEEE Computer Society}
}

@article{hirschmuller_hrsc_with_sgm,
  title={Stereo processing of HRSC Mars Express images by semi-global matching},
  author={Hirschm{\"u}ller, Heiko and Mayer, Helmut and Neukum, G and others},
  journal={Int. Arch. Photogramm. Remote Sensing Spatial Inf. Sci},
  volume={36},
  pages={305--310},
  year={2006}
}

@inproceedings{xiang_2016_low_complexity_fsgm,
  title={Low complexity optical flow using neighbor-guided semi-global matching},
  author={Xiang, Jiang and Li, Ziyun and Blaauw, David and Kim, Hun Seok and Chakrabarti, Chaitali},
  booktitle={2016 IEEE International Conference on Image Processing (ICIP)},
  pages={4483--4487},
  year={2016},
  organization={IEEE}
}

@inproceedings{rothermel2012sure_isgm,
  title={SURE: Photogrammetric surface reconstruction from imagery},
  author={Rothermel, Mathias and Wenzel, Konrad and Fritsch, Dieter and Haala, Norbert},
  booktitle={Proceedings LC3D Workshop, Berlin},
  volume={8},
  year={2012}
}


@article{hapke2008bidirectional,
  title={Bidirectional reflectance spectroscopy: 6. Effects of porosity},
  author={Hapke, Bruce},
  journal={Icarus},
  volume={195},
  number={2},
  pages={918--926},
  year={2008},
  publisher={Elsevier}
}

@article{hapke1993opposition,
  title={The opposition effect of the moon: The contribution of coherent backscatter},
  author={Hapke, Bruce W and Nelson, Robert M and Smythe, William D},
  journal={Science},
  volume={260},
  number={5107},
  pages={509--511},
  year={1993}
}

@article{johnson2006spectrophotometric,
  title={Spectrophotometric properties of materials observed by Pancam on the Mars Exploration Rovers: 1. Spirit},
  author={Johnson, Jeffrey R and Grundy, William M and Lemmon, Mark T and Bell, James F and Johnson, Miles J and Deen, Robert G and Arvidson, Raymond E and Farrand, William H and Guinness, Edward A and Hayes, Alexander G and others},
  journal={Journal of Geophysical Research: Planets},
  volume={111},
  number={E2},
  year={2006},
  publisher={Wiley Online Library}
}

@article{fernando2013surface,
  title={Surface reflectance of Mars observed by CRISM/MRO: 2. Estimation of surface photometric properties in Gusev Crater and Meridiani Planum},
  author={Fernando, J and Schmidt, F and Ceamanos, X and Pinet, P and Dout{\'e}, S and Daydou, Y},
  journal={Journal of Geophysical Research: Planets},
  volume={118},
  number={3},
  pages={534--559},
  year={2013},
  publisher={Wiley Online Library}
}

@inproceedings{smith2011results,
  title={Results from the Lunar Orbiter Laser Altimeter (LOLA): global, high resolution topographic mapping of the Moon},
  author={Smith, DE and Zuber, MT and Neumann, GA and Mazarico, E and Head, J and Torrence, MH and others},
  booktitle={Lunar and Planetary Science Conference},
  volume={42},
  pages={2350},
  year={2011}
}

@inproceedings{zabih1994census,
  title={Non-parametric local transforms for computing visual correspondence},
  author={Zabih, Ramin and Woodfill, John},
  booktitle={European conference on computer vision},
  pages={151--158},
  year={1994},
  organization={Springer}
}

@article{hua2016texture,
  title={Texture-Aware Dense Image Matching Using Ternary Census Transform},
  author={Hua, Han and Chenb, Chongtai and Wua, Bo and Yangc, Xiaoxia and Zhub, Qing and Dingb, Yulin},
  journal={ISPRS Annals of Photogrammetry, Remote Sensing and Spatial Information Sciences},
  pages={59--66},
  year={2016}
}

@inproceedings{facciolo2015mgm,
  title={Mgm: A significantly more global matching for stereovision},
  author={Facciolo, Gabriele and De Franchis, Carlo and Meinhardt, Enric},
  booktitle={Proceedings of the British Machine Vision Conference (BMVC), BMVA Press},
  pages={90--1},
  year={2015}
}

@article{Montesano201776,
title = "The use of sun elevation angle for stereogrammetric boreal forest height in open canopies",
journal = "Remote Sensing of Environment",
volume = "196",
number = "",
pages = "76 - 88",
year = "2017",
note = "",
issn = "0034-4257",
url = "http://www.sciencedirect.com/science/article/pii/S0034425717301827",
author = "Paul M. Montesano and Christopher Neigh and Guoqing Sun and Laura Duncanson and Jamon Van Den Hoek and K. Jon Ranson",
keywords = "WorldView",
keywords = "Sun elevation angle",
keywords = "Forest structure",
keywords = "Biome boundary",
keywords = "Ecotone",
keywords = "Taiga",
keywords = "Tundra",
keywords = "Stereogrammetry",
keywords = "Photogrammetry",
keywords = "Digital surface model"
}

@article{stereosfsfusion,
title = "Fusion of photogrammetric and photoclinometric information for high-resolution DEMs from Mars in-orbit imagery",
journal = "ISPRS Journal of Photogrammetry and Remote Sensing",
volume = "130",
number = "",
pages = "Pages 418-430",
year = "2017",
note = "",
issn = "",
url = "http://www.sciencedirect.com/science/article/pii/S0924271616306554",
author = "Cheng Jiang and Sylvain Dout\'e and Bin Luob and Liangpei Zhang"
}

@article{tc-11-1501-2017,
AUTHOR = {Belart, J. M. C. and Berthier, E. and Magn\'usson, E. and Anderson, L. S. and P\'alsson, F. and Thorsteinsson, T. and Howat, I. M. and A\dh{}algeirsd\'ottir, G. and J\'ohannesson, T. and Jarosch, A. H.},
TITLE = {Winter mass balance of Drangaj\"{o}kull ice cap (NW Iceland) derived from
satellite sub-meter stereo images},
JOURNAL = {The Cryosphere},
VOLUME = {11},
YEAR = {2017},
NUMBER = {3},
PAGES = {1501--1517},
URL = {https://www.the-cryosphere.net/11/1501/2017/},
}
